%% This BibTeX bibliography file was created using BibDesk.
%% https://bibdesk.sourceforge.io/
%% Saved with string encoding Unicode (UTF-8) 

@article{Bonfanti:2016ab,
	author = {A. Bonfanti and A. Bhaskar and M.F. Ashby},
	journal = {Reference Module in Materials Science and Materials Engineering},
	title = {Plastic deformation of cellular materials},
	year = {2016}}

@article{Lee:2017aa,
	author = {J.H. Lee and D.R. Howel and W.P. Meehan III and G.L. Iverson and A.J. Gardner},
	journal = {The Orthopaedic Journal of Sports Medicine},
	number = {9},
	pages = {1-7},
	title = {Effects of Exercise on Sport Concussion Assessment Tool--Third Edition Performance in Professional Athletes},
	volume = {5},
	year = {2017}}

@book{Lang:1988aa,
	author = {R.J. Lang},
	publisher = {Dover Publications, Inc.},
	title = {The complete book of origami: Step-by-step instructions in over 1000 diagrams},
	year = {1988}}

@book{Kingslake:1992aa,
	author = {R. Kingslake},
	publisher = {SPIE Optical engineering press},
	title = {Optics in photography},
	year = {1992}}

@book{Chen:2011ab,
	author = {W. Chen and B. Song},
	publisher = {Springer},
	series = {Mechanical Engineering Series},
	title = {Split Hopkinson (Kolsky) bar: Ddesign, Testing and Applications},
	year = {2011}}

@inproceedings{Fairlie:2008aa,
	author = {G.E. Fairlie and R. Hart and E.J. Draper},
	booktitle = {MABS 20 - Military Aspects of Blast and Shock},
	pages = {20},
	title = {Structural response to high explosive blast loading},
	year = {2008}}