@online{MathWorks,
  author    = {MathWorks},
  title     = {What Is SLAM (Simultaneous Localization and Mapping) – MATLAB \& Simulink},
  year      = {2024},
  url       = {https://uk.mathworks.com/discovery/slam.html},
  note      = {Accessed: Nov. 20, 2024}
}

@online{ToyotaForklifts,
  author    = {Toyota Forklifts},
  title     = {Automated Warehouse Trucks},
  year      = {2024},
  url       = {https://toyota-forklifts.co.uk/automated-solutions/automated-warehouse-trucks/},
  note      = {Accessed: Nov. 20, 2024}
}

@online{Forkify,
  author    = {Forkify},
  title     = {Forklift Cost Buyers Guide},
  year      = {2024},
  url       = {https://forkify.com/buyers-guide/forklift-cost/},
  note      = {Accessed: Nov. 20, 2024}
}

@online{LangleyShop,
  author    = {Langley Shop},
  title     = {Forklift Forks 100x40x1200 Class 2A},
  year      = {2024},
  url       = {https://www.langleyshop.co.uk/product/forklift-forks-100x40x1200-class-2a/},
  note      = {Accessed: Nov. 20, 2024}
}

@online{CheckaTrade,
  author    = {Checkatrade},
  title     = {Electric Car Charger Installation Cost},
  year      = {2024},
  url       = {https://www.checkatrade.com/blog/cost-guides/electric-car-charger-installation-cost/},
  note      = {Accessed: Nov. 20, 2024}
}

@online{SalaryExpert,
  author    = {Salary Expert},
  title     = {Forklift Driver Salary in South Korea},
  year      = {2024},
  url       = {https://www.salaryexpert.com/salary/job/forklift-driver/south-korea?form=MG0AV3},
  note      = {Accessed: Nov. 20, 2024}
}

@online{MordorIntelligence,
  author    = {Mordor Intelligence},
  title     = {Automated Material Handling Market},
  year      = {2024},
  url       = {https://www.mordorintelligence.com/industry-reports/automated-material-handling-market},
  note      = {Accessed: Nov. 20, 2024}
}

@online{GrandViewResearch,
  author    = {Grand View Research},
  title     = {Automated Guided Vehicle (AGV) Market},
  year      = {2024},
  url       = {https://www.grandviewresearch.com/industry-analysis/automated-guided-vehicle-agv-market},
  note      = {Accessed: Nov. 20, 2024}
}

@online{baker2023,
  author    = {T. Baker},
  title     = {5 Reason Why Structural Steel is Such a Sustainable Material},
  year      = {2023},
  url       = {https://www.bakersteeltrading.co.uk/is-structural-steel-sustainable/},
  note      = {Accessed: Nov. 21, 2024}
}

@online{eco2022,
  author    = {S. Co},
  title     = {We use ECO-FRIENDLY production techniques and technology},
  year      = {2022},
  month     = sep,
  day       = 21,
  url       = {https://www.enjoycaster.com/en/solutions/product/eco-friendly-production},
  note      = {Accessed: Nov. 25, 2024}
}

@online{ImperialTyres,
  title     = {How is the tyre industry becoming more sustainable?},
  author    = {Imperial Tyres},
  year      = {2024},
  url       = {https://www.imperialtyres.co.uk/blog/how-is-the-tyre-industry-becoming-more-sustainable/},
  note      = {Accessed: Nov. 21, 2024}
}

@misc{iso2330,
  author    = {British Standards Institute},
  title     = {BS ISO 2330:2002: Fork-Lift Trucks. Fork Arms. Technical Characteristics and Testing},
  year      = {2002},
  url       = {https://www.bsigroup.com/},
  note      = {Accessed: December 6, 2024}
}

@misc{ForkDimensions,
  author    = {Author Name},
  title     = {Fork Dimensions Reference},
  year      = {Year},
  url       = {https://www.azom.com/properties.aspx?ArticleID=965},
  note      = {Accessed: December 6, 2024}
}

@online{P. Hinz,
  author    = {P. Hinz},
  title     = {How Much Electricity does a Forklift Use per Hour?},
  year      = {2021},
  month     = sep,
  url       = {https://www.adaptalift.com.au/blog/how-much-electricity-does-a-forklift-use-per-hour},
  note      = {Accessed: Nov. 25, 2024}
}

@online{mileway_hurworth_2024,
  author    = {Mileway},
  title     = {Hurworth Road, Newton Aycliffe Industrial Estate},
  year      = {2024},
  url       = {https://mileway.com/properties/gb/portfolio/hurworth-road-newton-aycliffe-industrial-estate/},
  note      = {Accessed: Dec. 2, 2024}
}

@misc{Pastor-Tella2024,
  author    = {A. Pastor-Tella},
  title     = {AGV Cost Whitepaper},
  year      = {2024},
  publisher = {Wiferion}
}

@misc{crown2024,
  author    = {Crown Equipment Corporation},
  title     = {Achieving Sustained Automated Forklift Performance},
  year      = {2024},
  url       = {https://www.crown.com/en-us/blog/articles/automation/Achieving-Sustained-Automated-Forklift-Performance.html#:~:text=Fortunately%2C%20automated%20forklifts%20require%20much,on%20and%20within%20the%20vehicle.},
  note      = {Accessed: December 2, 2024}
}

@online{agvnetwork2024,
  author    = {AGV Network},
  title     = {Download Area},
  year      = {2024},
  url       = {https://www.agvnetwork.com/download/download-area},
  note      = {Accessed: December 6, 2024}
}

@online{roboteq2024,
  author    = {Roboteq},
  title     = {Ordering Online - Navigation Sensors},
  year      = {2024},
  url       = {https://www.roboteq.com/ordering/ordering-online#navigation-sensors},
  note      = {Accessed: December 6, 2024}
}

@online{Baker,
  author    = {T. Baker},
  title     = {5 Reason Why Structural Steel is Such a Sustainable Material},
  year      = {2023},
  url       = {https://www.bakersteeltrading.co.uk/is-structural-steel-sustainable/},
  note      = {Accessed: Nov. 21, 2024}
}

@online{Co,
  author    = {S. Co},
  title     = {We use ECO-FRIENDLY production techniques and technology},
  year      = {2022},
  month     = sep,
  day       = 21,
  url       = {https://www.enjoycaster.com/en/solutions/product/eco-friendly-production},
  note      = {Accessed: Nov. 25, 2024}
}

@online{Brake,
  author    = {Brake \& Front End},
  title     = {The Future Of Tires: Sustainable, Airless \& Connected},
  year      = {2021},
  url       = {https://www.brakeandfrontend.com/the-future-of-tires-sustainable-airless-connected/},
  note      = {Accessed: Nov. 21, 2024}
}

@online{Roos,
  author    = {D. Roos},
  title     = {5 Green Methods of Transporting Goods},
  year      = {2012},
  month     = aug,
  day       = 29,
  url       = {https://science.howstuffworks.com/environmental/green-science/5-green-methods-transporting-goods.htm},
  note      = {Accessed: Nov. 25, 2024}
}

@online{Ashmore,
  author    = {J. Ashmore},
  title     = {Container Operator BG Freight Line Launches Greenest Newbuild Vessels to Drive Sustainability},
  year      = {2024},
  month     = may,
  day       = 8,
  url       = {https://afloat.ie/port-news/port-and-shipping-news/item/63086-bg-f

       
      
      
      \begin{thebibliography}{99}
\footnotesize
\setlength{\baselineskip}{0.8\baselineskip}

\bibitem{MathWorks}
MathWorks, “What Is SLAM (Simultaneous Localization and Mapping) – MATLAB \& Simulink,” \textit{uk.mathworks.com}.  
Available at: \url{https://uk.mathworks.com/discovery/slam.html} (accessed Nov. 20, 2024).
 

\bibitem{ToyotaForklifts}
Toyota Forklifts, “Automated Warehouse Trucks,” \textit{toyota-forklifts.co.uk}.  
Available at: \url{https://toyota-forklifts.co.uk/automated-solutions/automated-warehouse-trucks/} (accessed Nov. 20, 2024).

\bibitem{Forkify}
Forkify, “Forklift Cost Buyers Guide,” \textit{forkify.com}.  
Available at: \url{https://forkify.com/buyers-guide/forklift-cost/} (accessed Nov. 20, 2024).


\bibitem{LangleyShop}
Langley Shop, “Forklift Forks 100x40x1200 Class 2A,” \textit{langleyshop.co.uk}.  
Available at: \url{https://www.langleyshop.co.uk/product/forklift-forks-100x40x1200-class-2a/} (accessed Nov. 20, 2024).

\bibitem{CheckaTrade}
Checkatrade, “Electric Car Charger Installation Cost,” \textit{checkatrade.com}.  
Available at: \url{https://www.checkatrade.com/blog/cost-guides/electric-car-charger-installation-cost/} (accessed Nov. 20, 2024).

\bibitem{SalaryExpert}
Salary Expert, “Forklift Driver Salary in South Korea,” \textit{salaryexpert.com}.  
Available at: \url{https://www.salaryexpert.com/salary/job/forklift-driver/south-korea?form=MG0AV3} (accessed Nov. 20, 2024).

\bibitem{MordorIntelligence}
Mordor Intelligence, “Automated Material Handling Market,” \textit{mordorintelligence.com}.  
Available at: \url{https://www.mordorintelligence.com/industry-reports/automated-material-handling-market} (accessed Nov. 20, 2024).

\bibitem{GrandViewResearch}
Grand View Research, “Automated Guided Vehicle (AGV) Market,” \textit{grandviewresearch.com}.  
Available at: \url{https://www.grandviewresearch.com/industry-analysis/automated-guided-vehicle-agv-market} (accessed Nov. 20, 2024).

\bibitem{baker2023} T. Baker, ``5 Reason Why Structural Steel is Such a Sustainable Material,'' \textit{Baker Steel Trading}, 2023. [Online]. Available: \url{https://www.bakersteeltrading.co.uk/is-structural-steel-sustainable/}. [Accessed: Nov. 21, 2024].

\bibitem{eco2022} S. Co, ``We use ECO-FRIENDLY production techniques and technology,'' \textit{ENJOYING GO}, Sep. 21, 2022. [Online]. Available: \url{https://www.enjoycaster.com/en/solutions/product/eco-friendly-production}. [Accessed: Nov. 25, 2024].

\bibitem{ImperialTyres} 
``How is the tyre industry becoming more sustainable?,'' \textit{Imperial Tyres}, 2024. [Online]. Available: \url{https://www.imperialtyres.co.uk/blog/how-is-the-tyre-industry-becoming-more-sustainable/}. [Accessed: Nov. 21, 2024]

\bibitem{iso2330}
British Standards Institute, \textit{BS ISO 2330:2002: Fork-Lift Trucks. Fork Arms. Technical Characteristics and Testing}, 2002, \url{https://www.bsigroup.com/} (Accessed: December 6, 2024).

\bibitem{ForkDimensions}
Author Name, \textit{Fork Dimensions Reference}, Year, \url{https://www.azom.com/properties.aspx?ArticleID=965} (Accessed: December 6, 2024).



\bibitem{P. Hinz}
P. Hinz, “How Much Electricity does a Forklift Use per Hour?,” Adaptalift, Sep. 2021. \url{https://www.adaptalift.com.au/blog/how-much-electricity-does-a-forklift-use-per-hour }(accessed Nov. 25, 2024).

 \bibitem{mileway_hurworth_2024}
Mileway, “Hurworth Road, Newton Aycliffe Industrial Estate,” \url{https://mileway.com/properties/gb/portfolio/hurworth-road-newton-aycliffe-industrial-estate/} (accessed Dec. 2, 2024).
 
\bibitem{Pastor-Tella2024}
A. Pastor-Tella, ``AGV Cost Whitepaper,'' \textit{Wiferion}, 2024}.




\bibitem{crown2024}
Crown Equipment Corporation, \textit{Achieving Sustained Automated Forklift Performance}, 2024, \url{https://www.crown.com/en-us/blog/articles/automation/Achieving-Sustained-Automated-Forklift-Performance.html#:~:text=Fortunately%2C%20automated%20forklifts%20require%20much,on%20and%20within%20the%20vehicle.} (Accessed: December 2, 2024).

 \bibitem{agvnetwork2024}
AGV Network, \textit{Download Area}, 2024, \url{https://www.agvnetwork.com/download/download-area} (Accessed: December 6, 2024).
\bibitem{roboteq2024}
Roboteq, \textit{Ordering Online - Navigation Sensors}, 2024, \url{https://www.roboteq.com/ordering/ordering-online#navigation-sensors} (Accessed: December 6, 2024).

\bibitem{Baker} Baker, T. (2023). 5 Reason Why Structural Steel is Such a Sustainable Material. [online] Available at: \url{https://www.bakersteeltrading.co.uk/is-structural-steel-sustainable/} (Accessed 21. Nov, 2024).

\bibitem{Co} S. Co, “We use ECO-FRIENDLY production techniques and technology.,” ENJOYING GO, Sep. 21, 2022. Available at: \url{https://www.enjoycaster.com/en/solutions/product/eco-friendly-production} (Accessed Nov. 25, 2024).

\bibitem{Brake} Brake \& Front End. (2021). The Future Of Tires: Sustainable, Airless \& Connected. [online] Available at: \url{https://www.brakeandfrontend.com/the-future-of-tires-sustainable-airless-connected/} (Accessed 21. Nov, 2024).

\bibitem{Roos} D. Roos, “5 Green Methods of Transporting Goods,” HowStuffWorks, Aug. 29, 2012. Available at: \url{https://science.howstuffworks.com/environmental/green-science/5-green-methods-transporting-goods.htm} (Accessed Nov. 25, 2024).

\bibitem{Ashmore} J. Ashmore, “Container Operator BG Freight Line Launches Greenest Newbuild Vessels to Drive Sustainability,” Afloat.ie, May 08, 2024. Available at: \url{https://afloat.ie/port-news/port-and-shipping-news/item/63086-bg-freight-line-launches-new-vessels-to-drive-sustainability} (Accessed Nov. 25, 2024).
\bibitem{Toyota} Toyota Material Handling Europe, "Engine powered forklift datasheet", April 25, 2023. Available at: \url{https://media.toyota-forklifts.eu/published/22508_Original%20document_toyota%20mh.pdf} (Accessed Nov. 25, 2024).

 

\end{thebibliography}
 